<record><leader>00000cas a22000001a 4500</leader><controlfield tag="001">32453690</controlfield><controlfield tag="007">hd bfb016baaa</controlfield><controlfield tag="008">950511d19391941nyudn nea     0    0spa c</controlfield><datafield ind1=" " ind2=" " tag="010"><subfield code="a">sn 94088454 </subfield></datafield><datafield ind1=" " ind2=" " tag="040"><subfield code="a">NN</subfield><subfield code="b">eng</subfield><subfield code="c">RQM</subfield><subfield code="d">OCLCQ</subfield></datafield><datafield ind1=" " ind2=" " tag="012"><subfield code="i">9505</subfield></datafield><datafield ind1=" " ind2=" " tag="042"><subfield code="a">pcc</subfield></datafield><datafield ind1="0" ind2=" " tag="130"><subfield code="a">Nueva voz (New York, N.Y. : 1939)</subfield></datafield><datafield ind1="1" ind2="3" tag="245"><subfield code="a">La Nueva voz</subfield><subfield code="h">[microform].</subfield></datafield><datafield ind1=" " ind2=" " tag="260"><subfield code="a">Nueva York, N.Y. :</subfield><subfield code="b">Spanish Newspaper Co.,</subfield><subfield code="c">1939-</subfield></datafield><datafield ind1=" " ind2=" " tag="300"><subfield code="a">v. :</subfield><subfield code="b">ill.</subfield></datafield><datafield ind1=" " ind2=" " tag="310"><subfield code="a">Daily (except Sun.)</subfield></datafield><datafield ind1="0" ind2=" " tag="362"><subfield code="a">An&#771;o. 3, no. 704 (dic. 2, 1939)-</subfield></datafield><datafield ind1="1" ind2=" " tag="362"><subfield code="a">Ceased in 1941.</subfield><subfield code="z">Cf. Ayer, 1941.</subfield></datafield><datafield ind1=" " ind2=" " tag="500"><subfield code="a">"Diario Democratico avanzado."</subfield></datafield><datafield ind1=" " ind2=" " tag="546"><subfield code="a">Spanish.</subfield></datafield><datafield ind1=" " ind2=" " tag="533"><subfield code="a">Microfilm.</subfield><subfield code="m">dic. 2-dic. 5,1939:[Gaps] On film with related titles.</subfield><subfield code="b">New York :</subfield><subfield code="c">New York Public Library,</subfield><subfield code="d">[19--].</subfield><subfield code="e">5 microfilm reels ; 35 mm.</subfield></datafield><datafield ind1=" " ind2="4" tag="651"><subfield code="a">New York (N.Y.)</subfield><subfield code="v">Newspapers.</subfield></datafield><datafield ind1=" " ind2=" " tag="752"><subfield code="a">United States</subfield><subfield code="b">New York</subfield><subfield code="c">New York</subfield><subfield code="d">New York.</subfield></datafield><datafield ind1="1" ind2=" " tag="776"><subfield code="c">Original</subfield><subfield code="w">(DLC)sn 87073005</subfield></datafield><datafield ind1="0" ind2="0" tag="780"><subfield code="t">Voz (New York, N.Y. : 1937)</subfield><subfield code="w">(DLC)sn 94088453</subfield></datafield><datafield ind1=" " ind2=" " tag="850"><subfield code="a">NN</subfield><subfield code="a">NN (master)</subfield></datafield><datafield ind1="1" ind2=" " tag="029"><subfield code="a">AU@</subfield><subfield code="b">000011686555</subfield></datafield></record>